@article{clas,
	title = {The CEBAF large acceptance spectrometer (CLAS)},
	journal = {Nuclear Instruments and Methods in Physics Research Section A: Accelerators, Spectrometers, Detectors and Associated Equipment},
	volume = {503},
	number = {3},
	pages = {513-553},
	year = {2003},
	issn = {0168-9002},
	doi = {https://doi.org/10.1016/S0168-9002(03)01001-5},
	url = {https://www.sciencedirect.com/science/article/pii/S0168900203010015},
	author = {B.A. Mecking and G. Adams and S. Ahmad and E. Anciant and M. Anghinolfi and B. Asavapibhop and G. Asryan and G. Audit and T. Auger and H. Avakian and J.P. Ball and F.J. Barbosa and S. Barrow and M. Battaglieri and K. Beard and B.L. Berman and N. Bianchi and S. Boiarinov and P. Bonneau and W.J. Briscoe and W.K. Brooks and V.D. Burkert and D.S. Carman and T. Carstens and C. Cetina and S.B. Christo and P.L. Cole and A. Coleman and J. Connelly and D. Cords and P. Corvisiero and D. Crabb and H. Crannell and R.C. Cuevas and P.V. Degtyarenko and L. Dennis and E. DeSanctis and R. DeVita and J. Distelbrink and G.E. Dodge and W. Dodge and G. Doolittle and D. Doughty and M. Dugger and W.S. Duncan},
	keywords = {CLAS, Magnetic spectrometer, Electromagnetic physics, Large acceptance, JLab},
}
@article{spinparity,
	title = {Spin and parity measurement of the $\mathrm{\ensuremath{\Lambda}}(1405)$ baryon},
	author = {Moriya, K. and Schumacher, R. A. and Aghasyan, M. and Amaryan, M. J. and Anderson, M. D. and Anefalos Pereira, S. and Ball, J. and Baltzell, N. A. and Battaglieri, M. and Bellis, M. and Biselli, A. S. and Bono, J. and Boiarinov, S. and Briscoe, W. J. and Brooks, W. K. and Burkert, V. D. and Carman, D. S. and Celentano, A. and Chandavar, S. and Charles, G. and Cole, P. L. and Collins, P. and Contalbrigo, M. and Cortes, O. and Crede, V. and D'Angelo, A. and Dashyan, N. and De Vita, R. and De Sanctis, E. and Dey, B. and Djalali, C. and Dugger, M. and Dupr\'e, R. and Egiyan, H. and El Alaoui, A. and El Fassi, L. and Elouadrhiri, L. and Eugenio, P. and Fedotov, G. and Fegan, S. and Fleming},
	collaboration = {CLAS Collaboration},
	journal = {Phys. Rev. Lett.},
	volume = {112},
	issue = {8},
	pages = {082004},
	numpages = {6},
	year = {2014},
	month = {Feb},
	publisher = {American Physical Society},
	doi = {10.1103/PhysRevLett.112.082004},
	url = {https://link.aps.org/doi/10.1103/PhysRevLett.112.082004}
}




